%% This BibTeX bibliography file was created using BibDesk.
%% http://bibdesk.sourceforge.net/


%% Created for Mark Madsen at 2014-09-29 16:10:10 -0700 


%% Saved with string encoding Unicode (UTF-8) 



@book{hastie2009elements,
	Author = {Hastie, Trevor and Tibshirani, Robert and Friedman, Jerome and Hastie, T and Friedman, J and Tibshirani, R},
	Date-Added = {2014-09-29 23:10:07 +0000},
	Date-Modified = {2014-09-29 23:10:07 +0000},
	Number = {1},
	Publisher = {Springer},
	Title = {The elements of statistical learning},
	Volume = {2},
	Year = {2009}}

@article{breiman2001random,
	Author = {Breiman, Leo},
	Date-Added = {2014-09-29 23:00:47 +0000},
	Date-Modified = {2014-09-29 23:00:47 +0000},
	Journal = {Machine learning},
	Number = {1},
	Pages = {5--32},
	Publisher = {Springer},
	Title = {Random forests},
	Volume = {45},
	Year = {2001}}

@article{Mesoudi2009,
	Author = {Mesoudi, Alex and Lycett, Stephen J},
	Date-Added = {2014-09-29 16:56:57 +0000},
	Date-Modified = {2014-09-29 16:56:57 +0000},
	Journal = {Evolution and Human Behavior},
	Pages = {41-48},
	Title = {Random Copying, Frequency-dependent Copying and Culture Change},
	Volume = {30},
	Year = {2009}}

@book{Ewens2004,
	Author = {Ewens, Warren J},
	Date-Added = {2014-09-26 23:58:50 +0000},
	Date-Modified = {2014-09-26 23:58:50 +0000},
	Edition = {2nd},
	Publisher = {New York, Springer},
	Title = {Mathematical Population Genetics, Volume 1: Theoretical Introduction},
	Year = {2004}}

@article{Madsen:11745,
	Author = {Mark E. Madsen and Ben Marwick},
	Date-Added = {2014-09-16 00:22:39 +0000},
	Date-Modified = {2014-09-16 00:22:39 +0000},
	Doi = {{10.5281/zenodo.11745}},
	Month = {Sep},
	Title = {{ctmixtures: production release with global UUIDs for processing jobs}},
	Url = {{http://dx.doi.org/10.5281/zenodo.11745}},
	Year = {2014},
	Bdsk-Url-1 = {%7Bhttp://dx.doi.org/10.5281/zenodo.11745%7D},
	Bdsk-Url-2 = {http://dx.doi.org/10.5281/zenodo.11745%7D}}

@book{xie2013dynamic,
	Author = {Xie, Yihui},
	Date-Added = {2014-04-11 18:30:01 +0000},
	Date-Modified = {2014-04-11 18:30:01 +0000},
	Publisher = {CRC Press},
	Title = {Dynamic Documents with R and knitr},
	Year = {2013}}

@article{bar2002upper,
	Author = {Bar-Yosef, Ofer},
	Date-Added = {2014-04-09 23:01:15 +0000},
	Date-Modified = {2014-04-09 23:01:15 +0000},
	Journal = {Annual Review of Anthropology},
	Pages = {363--393},
	Publisher = {JSTOR},
	Title = {The upper paleolithic revolution},
	Year = {2002}}
